% This is a BibTeX file.
% You can add your references here in BibTeX format if you choose to use BibTeX
% and change the bibliography command in main.tex.
% For example:
@book{deberg2008bib,
  author    = {Mark de Berg and Otfried Cheong and Marc van Kreveld and Mark Overmars},
  title     = {Computational Geometry: Algorithms and Applications},
  publisher = {Springer-Verlag},
  year      = {2008},
  edition   = {3rd}
}